<?xml version="1.0" encoding="UTF-8"?><collection xmlns="http://www.loc.gov/MARC21/slim"><record><leader>00466nam--2200157-i-4500</leader><controlfield tag="001">000000005</controlfield><controlfield tag="002">20161230</controlfield><controlfield tag="005">20170116154641</controlfield><controlfield tag="008">060222s1000------------r-----000-0-eng-d</controlfield><datafield ind1=" " ind2=" " tag="080"><subfield code="a">621.375.825(043)</subfield></datafield><datafield ind1="1" ind2=" " tag="100"><subfield code="a">Fric, Claude</subfield></datafield><datafield ind1="1" ind2="0" tag="245"><subfield code="a">L`effet de debit dans un maser a resonance magnetique nucleaire en champ eleve</subfield><subfield code="b">These</subfield><subfield code="c">Claude Fric</subfield></datafield><datafield ind1=" " ind2=" " tag="260"><subfield code="a">Paris</subfield><subfield code="b">Universite de Paris</subfield></datafield><datafield ind1=" " ind2=" " tag="300"><subfield code="a">/1502-1557/ P</subfield></datafield><datafield ind1=" " ind2=" " tag="852"><subfield code="a">77075</subfield><subfield code="c">517.9</subfield></datafield><datafield ind1=" " ind2=" " tag="CAT"><subfield code="a">SYS</subfield><subfield code="c">20170116</subfield><subfield code="h">154641</subfield></datafield></record></collection>